% This file was created with JabRef 2.7b.
% Encoding: UTF-8

@BOOK{Cohen_2006,
	title = {Agile Estimating And Planning},
	publisher = {Pearson Educatin, Inc.},
	year = {2006},
	author = {Mike Cohen},
	series = {Robert C. Martin Series},
	address = {Massachusetts},
	isbn = {0-13-147941-5},
	lccn = {334000}
}

@BOOK{Kopczewski_2015,
	author = {Michał Kopczewski},
	title = {Alfabet zarządzania projektami. Zarządzanie projektem od A do Z},
	publisher = {Helion},
	year = {2015},
	address = {Massachusetts},
	edition = {2},
	isbn = {978-83-283-0727-8}
}

@BOOK{Trendy_Zarzadzanie,
	author = {Mariusz Sołtysik, Małgorzata Wesołowska},
	title = {Współczesne trendy w zarządzaniu projektami},
	publisher = {Mfiles.pl},
	year = {2016},
	address = {Kraków},
	isbn = {978-83-941408-3-0}
}

@BOOK{Shwaber_2004,
	author = {Ken Shwaber},
	title = {Sprawne zarządzanie projektami metodą Scrum},
	publisher = { APN PROMISE },
	year = {2005},
	address = {Warszawa},
	edition = {polish},
	isbn = {978-83-994440-68-7}
}



@BOOK{PMI_2000,
	author = {Project Menagement Institute},
	title = {A Guide to the Project Management Body of Knowledge},
	publisher = {Project Management Institute, Inc.},
	year = {2000},
	address = {Newton Square, Pensylvania USA},
	isbn = {1-880410-23-0}
}

@BOOK{Stanley_2013,
	author = {Stanley E. Portny},
	title = {Project Management For Dummies},
	publisher = {Helion},
	year = {2013},
	address = {ul. Kościuszki 1c, 44-100 Gliwice},
	series = {For Dummies},
	isbn = {978-83-246-6494-8},
	edition = {3d edition}
}

@BOOK{Wolf_2012,
	author = {Henning Wolf},
	title = {Zwinne projekty w klasycznej organizacji Scrum, Kanban, XP},
	publisher = {Helion},
	year = {2014},
	address = {ul. Kościuszki 1c, 44-100 Gliwice},
	isbn = {978-83-246-8843-2}
}

@BOOK{TDD_2015,
	author = {Harry J.W. Percival},
	title = {Test Driven Development in Python},
	publisher = {Helion},
	year = {2015},
	address = {ul. Kościuszki 1c, 44-100 Gliwice},
	isbn = {978-83-283-1377-4}
}

@BOOK{Samoorganizacja_2010,
	author = {Ćwiklicki M., Jabłoński M., Włodarek T.},
	title = {Samoorganizacja w zarzadzaniu projektami metodą Scrum},
	publisher = {Milfes.pl},
	year = {2010},
	address = {wydawnictwo@milfes.pl},
	isbn = {978-83-931128-4-5}
}

@MISC{www_rozproszony,
	author = {{projektgamma}},
	title = {Zespoły rozproszone},
	howpublished = {\url{https://www.projektgamma.pl/strefa-wiedzy/wiki/zespoly-rozproszone}},
	type = {Text},
	url = {https://www.projektgamma.pl/strefa-wiedzy/wiki/zespoly-rozproszone},
	note = {ost. dost. 4 grudnia 2018}
}

@MISC{www_react,
	author = {Jacob Wenger},
	title = {Using Firebase with ReactJS},
	howpublished = {\url{https://firebase.googleblog.com/2014/05/using-firebase-with-reactjs.html}},
	type = {Text},
	url = {https://firebase.googleblog.com/2014/05/using-firebase-with-reactjs.html},
	note = {ost. dost. 4 grudnia 2018}
}

@MISC{www_jira,
	author = {MICHAŁ ŻURKOWSKI},
	title = {Jira: wszystko, co potrzebujesz wiedzieć.},
	howpublished = {\url{https://deviniti.com/pl/atlassian-pl/jira-wszystko-co-potrzebujesz-wiedziec/}},
	type = {Text},
	url = {https://deviniti.com/pl/atlassian-pl/jira-wszystko-co-potrzebujesz-wiedziec/},
	note = {ost. dost. 13 grudnia 2018}
}

@MISC{www_agile_jira,
	author={Jira},
	title={Narzędzia wykorzystujące metodykę zwinną dla zespołów programistycznych},
	howpublished={\url{https://pl.atlassian.com/software/jira/agile}},
	type = {Text},
	url = {https://pl.atlassian.com/software/jira/agile},
	note = {ost. dost. 13 grudnia 2018}
}

@MISC{www_tradycyjne_projekty,
	author = {{4pm}},
	title = {Przyjrzyjmy się tradycyjnym projektom (porównanie PRINCE2 oraz AgilePM)},
	howpublished = {\url{http://4pm.pl/artykuly/przyjrzyjmy-sie-tradycyjnym-projektom}},
	type = {Text},
	url = {http://4pm.pl/artykuly/przyjrzyjmy-sie-tradycyjnym-projektom},
	note = {ost. dost. 4 grudnia 2018}
}

@MISC{www_hakermoon,
	author = {{GeekyAnts}},
	title = {Introduction to Firebase},
	howpublished = {\url{https://hackernoon.com/introduction-to-firebase-218a23186cd7}},
	type = {Text},
	url = {https://hackernoon.com/introduction-to-firebase-218a23186cd7},
	note = {ost. dost. 4 grudnia 2018}
}

@MISC{www_nafrontendzie,
	author = {{Bartek Dybowski}},
	title = {Podstawy Redux - zarządzanie stanem aplikacji ReactJS},
	howpublished = {\url{https://www.nafrontendzie.pl/podstawy-redux-zarzadzanie-stanem-react}},
	type = {text},
	url = {https://www.nafrontendzie.pl/podstawy-redux-zarzadzanie-stanem-react},
	note = {ost. dost. 4 grudnia 2018}
}

@MISC{www_thunk,
	author = {{Bartek Dybowski}},
	title = {2 sposoby na wywołania asynchroniczne Redux},
	howpublished = {\url{https://www.nafrontendzie.pl/2-sposoby-wywolania-asynchroniczne-redux}},
	type = {text},
	url = {https://www.nafrontendzie.pl/2-sposoby-wywolania-asynchroniczne-redux},
	note = {ost. dost. 5 grudnia 2018}
}

@ARTICLE{metody_zwinne_2016,
	author = {Bartosz Jabłoński},
	title = {Wykorzystanie metodyk zwinnych do poprawy wiedzy i umiejętności projektowych studentów kierunków technicznych},
	journal = {Edukacja - Technika - Informatyka},
	year = {2016},
	volume = {94},
	abstract = {The paper presents the results of research on effectiveness of agile methods implementation within projects carried out by selected IT student groups. Simulation game was applied for groups under research, which helped subjects to experience Scrum rules in practice. We present the results of the game and the proposal for practical adaptation of agile approach into student projects taking into consideration their specifics and time constraints.},
	isn = {2080-9069},
	publisher = {UR}
}

@ARTICLE{kaleta_damping_2005,
  author = {J. Kaleta and P. Kijak and P. Zajac},
  title = {Damping identification of magnetorheological elastomers. 22nd {DANUBIA-ADRIA}
	Symposium on Experimental Methods in Solid Mechanics},
  journal = {Parma. Italy},
  year = {2005}
}

@INPROCEEDINGS{kaleta_experimental_2005,
  author = {J. Kaleta and D. Lewandowski and P. Zajac},
  title = {Experimental Identification of Magnetorheological Composites and
	Elastomers Properties},
  booktitle = {Materials Science Forum},
  year = {2005},
  volume = {482},
  pages = {403--406},
  publisher = {Aedermannsdorf, Switzerland: Trans Tech Publications, 1984-}
}

@MISC{moskwa_rozwj_2009,
  author = {Krzysztof Moskwa and Piotr Rossa},
  title = {Rozwój bibliotek cyfrowych i repozytoriów elektronicznych na Dolnym
	Śląsku w latach 2004-2008},
  howpublished = {\url{http://eprints.rclis.org/17102/}},
  month = oct,
  year = {2009},
  note = {{DEVELOPMENT} {OF} {DIGITAL} {LIBRARIES} {AND} {ELECTRONIC} {REPOSITORIES}
	{IN} {LOWER} {SILESIA} {IN} {YEARS} 2004-2008 [title]. In following
	elaboration were presented digital libraries and electronic repositories
	operating in Lower Silesia region in years 2004-2008. General description
	of character and size of their collections was presented, as well
	as standards and methods of digital collections management and juridical
	aspects of this management. Potential of usage of digital collections
	in regional scientific researches was described.},
  keywords = {{ED.} Intellectual property: author's rights, ownership, copyright,
	copyleft., {HL.} Databases and database Networking., {HP.} e-resources.,
	{HS.} Repositories., {IF.} Information transfer: protocols, formats,
	techniques., {LJ.} Software.},
  type = {Book Chapter},
  url = {http://eprints.rclis.org/17102/}
}

@MISC{myszka_latex_2009,
  author = {Wojtek Myszka},
  title = {{LaTeX} okiem redaktora (1)},
  month = sep,
  year = {2009},
  journal = {Zapiski starego zgreda},
  keywords = {{DTP,} {LaTeX}},
  url = {\url{http://staryzgred.blogspot.com/2009/09/latex-okiem-redaktora-1.html}}
}

@MISC{wojciech_myszka_program_????,
  author = {Wojciech Myszka},
  title = {Program kursu {INM6816L} w roku akademickim 2008/2009},
  howpublished = {{file:///home/myszka/Dokumenty/sandbox/aaa.html}},
  url = {file:///home/myszka/Dokumenty/sandbox/aaa.html}
}

@MISC{wojciech_myszka_minimalny_2009,
  author = {Wojciech Myszka},
  title = {Minimalny zestaw metadanych rozpoznawany przez Zotero},
  howpublished = {{file:///home/myszka/Dokumenty/MindMaps/metadata.html}},
  month = may,
  year = {2009},
  note = {Materialy pomocnicze do seminarium},
  keywords = {Zotero},
  type = {Text},
  url = {file:///home/myszka/Dokumenty/MindMaps/metadata.html}
}

@BOOK{tp-11-latex,
  title = {Praca magisterska i dyplomowa z programem LaTeX. Jak szybko tworzyć
	profesjonalnie wyglądające dokumenty},
  publisher = {Wolters Kluwer Polska},
  year = {2011},
  author = {Tomasz Przechlewski},
  address = {Warszawa},
  note = {Przykłady wykorzystania można znaleźć w: \url{http://www.ctan.org/pkg/przechlewski-book}},
  isbn = {978-83-264-1441-1}
}

@MISC{jerzy_witek_praca_2006,
  author = {Jerzy Świątek},
  title = {Praca dyplomowa -- zalecenia edytorskie},
  howpublished = {\url{http://www.immt.pwr.wroc.pl/~myszka/INM6816L/Dyplom/dyplom_wyglad_WIZ.html}},
  month = may,
  year = {2006},
  keywords = {Wydział Informatyki i Zarządzania, Praca dyplomowa, zalecenia edytorskie},
  type = {Text},
  url = {http://www.immt.pwr.wroc.pl/~myszka/INM6816L/Dyplom/dyplom_wyglad_WIZ.html}
}

@MISC{docker_compose_reference,
  author = {{Docker Inc.}},
  title = {Compose file version 3 reference},
  howpublished = {\url{https://docs.docker.com/compose/compose-file/}},
  type = {Text},
  url = {https://docs.docker.com/compose/compose-file/},
  note = {ost. dost. 12 listopada 2018}
}
@MISC{www_SUS,
	author = {{MySurveyLab}},
	title = {Skala Użyteczności Systemu (SUS)},
	howpublished = {\url{https://www.mysurveylab.com/pl/blog/skala-uzytecznosci-systemu-sus/}},
	type = {Text},
	url = {https://www.mysurveylab.com/pl/blog/skala-uzytecznosci-systemu-sus/},
	note = {ost. dost. 30 grudnia 2018}
}

@BOOK{harel_rzecz_2008,
  title = {Rzecz O Istocie Informatyki: Algorytmika},
  publisher = {Wydawnictwa {Naukowo-Techniczne}},
  year = {2008},
  author = {David Harel and Yishai A Feldman and Zdzisław Płoski},
  series = {Klasyka Informatyki},
  address = {Warszawa},
  edition = {Wyd. 4 zm., rozsz},
  isbn = {9788320432954},
  lccn = {334000},
  shorttitle = {Rzecz O Istocie Informatyki}
}

@ARTICLE{aizawa_groundwater_2009,
  author = {K. Aizawa and Y. Ogawa and T. Ishido},
  title = {Groundwater flow and hydrothermal systems within volcanic edifices:
	Delineation by electric self-potential and magnetotellurics},
  journal = {J. Geophys. Res.},
  year = {2009},
  volume = {114},
  abstract = {The imaging of hydrothermal systems within volcanoes is critical in
	evaluating the nature and likelihood of future volcanic activity
	and hazard assessment. In this study, we present a conceptual model
	of the hydrothermal system in a volcanic edifice, as deduced from
	the relationship between electric self-potential {(SP)} and high-resolution
	resistivity structures. In order to develop a comprehensive model
	of water flow in volcanoes, we conducted the audiofrequency (10,000-0.3
	Hz) magnetotelluric surveys in five large stratovolcanoes {(Iwate,}
	Iwaki, Nasu, Nantai, and {Nikko-Shirane)} in Japan and found that
	the obtained {2-D} resistivity profiles have a close relationship
	to the previously reported {SP} data: good extensive conductors occur
	beneath areas without {SP} anomalies, whereas good localized conductors
	only occur beneath large spatial wavelength {SP} anomalies on the
	volcano side of the {SP} minimum. Also taking into account the locations
	of surface geothermal activity, the good conductors roughly correspond
	to the hydrothermal zone, whose upper limit is sealed by a low-permeability
	clay layer. The sealing layer separates an upper groundwater flow
	from a lower hydrothermal flow in the subsurface and controls the
	geothermal manifestations and river locations on the surface. We
	confirmed the feasibility of the proposed model based on numerical
	simulations of a hydrothermal system. The horizontal extent of the
	hydrothermal zone is highly heterogeneous even in a volcanic edifice.
	This heterogeneity can reflect the geological age of flanks that
	may be related to the occurrence of a previous large sector collapse.},
  annote = {exported from refbase (http://demo.refbase.net/show.php?record=30633),
	last updated on Tue, 17 Mar 2009 13:49:58 +0100},
  doi = {10.1029/2008JB005910},
  keywords = {1829 Hydrology: Groundwater hydrology, 8424 Volcanology: Hydrothermal
	systems, 8488 Volcanology: Volcanic hazards and risks, groundwater
	flow, hydrothermal system, magnetotellurics, resistivity structure,
	sector collapse, self-potential},
  shorttitle = {Groundwater flow and hydrothermal systems within volcanic edifices}
}
@BOOK{Toyota,
  title = {Jak działa fabryka Toyoty},
  publisher = {{Shinsei Consulting Sp. z o.o. Sp.k}},
  year = {2013},
  author = {Mikiharu Aoki},
  address = {Poznań},
  isbn = {978-83-936049-0-6​.}
}

@MISC{www_teamEstimation,
	author = {{scrum-master.pl}},
	title = {Team Estimation Game jako alternatywa dla Planning Pokera},
	howpublished = {\url{https://scrum-master.pl/team-estimation-game-jako-alternatywa-dla-planning-pokera/}},
	type = {Text},
	url = {https://scrum-master.pl/team-estimation-game-jako-alternatywa-dla-planning-pokera/},
	note = {ost. dost. 30 grudnia 2018}
}